%%%%%%%%%%%%%
% Textbooks %
%%%%%%%%%%%%%

@book{wasserman_social_1994,
  title = {Social Network Analysis: Methods and Applications},
  author = {Wasserman, S. and Faust, K.},
  year = {1994},
  publisher = {Cambridge University Press},
  address = {New York}
}

@book{kadushin_UnderstandingSocialNetworks_2012,
  title = {Understanding Social Networks: Theories, Concepts, and Findings},
  author = {Kadushin, C.},
  year = {2012},
  publisher = {Oxford Univ Pr}
}

@book{kadushin_UnderstandingSocialNetworks_2012,
  title = {Understanding Social Networks: Theories, Concepts, and Findings},
  author = {Kadushin, C.},
  year = {2012},
  publisher = {Oxford Univ Pr}
}

@book{barabasi_LinkedHowEverything_2003,
  title = {Linked: How Everything Is Connected to Everything Else and What It Means for Business, Science, and Everyday Life},
  author = {Barab{\'a}si, Albert-L{\'a}szl{\'o}},
  year = {2003},
  publisher = {Plume},
  address = {New York},
  lccn = {Q295 .B26 2003}
}

@book{carrington_ModelsMethodsSocial_2005,
  title = {Models and Methods in Social Network Analysis},
  editor = {Carrington, Peter J. and Scott, John and Wasserman, Stanley},
  year = {2005},
  publisher = {Cambridge University Press},
  address = {Cambridge ; New York},
  lccn = {HM741 .M63 2005},
  number = {27},
  series = {Structural Analysis in the Social Sciences}
}

@book{easley_NetworksCrowdsMarkets_2010,
  title = {Networks, Crowds, and Markets: Reasoning about a Highly Connected World},
  author = {Easley, David and Kleinberg, Jon},
  year = {2010},
  publisher = {Cambridge University Press},
  address = {New York},
  lccn = {HM851 .E24 2010}
}

@book{newman_NetworksIntroduction_2010,
  title = {Networks: An Introduction},
  author = {Newman, M. E. J.},
  year = {2010},
  publisher = {Oxford University Press},
  address = {Oxford ; New York},
  lccn = {T57.85 .N523 2010}
}

@book{scott_SAGEHandbookSocial_2011,
  title = {The SAGE Handbook of Social Network Analysis},
  editor = {Scott, John and Carrington, Peter J.},
  year = {2011},
  publisher = {SAGE},
  address = {London ; Thousand Oaks, Calif},
  lccn = {HM741 .S324 2011}
}

%%%%%%%%%%%%%
%%% Tools %%%
%%%%%%%%%%%%%

@misc{borgatti_ucinet_2002,
  title={{UCINET} for {Windows}: Software for Social Network Analysis},
  author={Borgatti, Stephen P and Everett, Martin G and Freeman, Linton C},
  location={Cambridge, Massachusetts, USA},
  publisher={Analytic Technologies},
  year={2002},
  note={\url{https://sites.google.com/site/ucinetsoftware/}}
}

@misc{borgatti_netdraw_2002,
  title={Netdraw: Software for Network Visualization},
  author={Borgatti, Stephen P.},
  publisher={Analytic Technologies},
  location={Lexington, Kentucky, USA},
  year={2002},
  note={\url{https://sites.google.com/site/netdrawsoftware/}}
}

@misc{smith_nodexl_2010,
  title={NodeXL: A Free and Open Network Overview, Discovery and Exploration Add-in for {Excel}},
  author={Smith, Marc A. and Ceni, Arber and Milic-Frayling, Natasa and Shneiderman, Ben and Mendes Rodrigues, E. and Leskovec, Jure and Dunne, Cody},
  year={2010},
  publisher={Social Media Research Foundation},
  location={San Francisco, California, USA},
  note={\url{https://www.smrfoundation.org/nodexl/}}
}

@inproceedings{ellson2001graphviz,
  title={Graphvizâ€”open source graph drawing tools},
  author={Ellson, John and Gansner, Emden and Koutsofios, Lefteris and North, Stephen C and Woodhull, Gordon},
  booktitle={International Symposium on Graph Drawing},
  pages={483--484},
  year={2001},
  organization={Springer},
  note={\url{https://graphviz.org/}}
}

@article{shannon2003cytoscape,
  title={Cytoscape: a software environment for integrated models of biomolecular interaction networks},
  author={Shannon, Paul and Markiel, Andrew and Ozier, Owen and Baliga, Nitin S and Wang, Jonathan T and Ramage, Daniel and Amin, Nada and Schwikowski, Benno and Ideker, Trey},
  journal={Genome Research},
  volume={13},
  number={11},
  pages={2498--2504},
  year={2003},
  publisher={Cold Spring Harbor Lab},
  note = {\url{https://cytoscape.org/}}
}

@inproceedings{bastian2009gephi,
  title={Gephi: An Open Source Software for Exploring and Manipulating networks},
  author={Bastian, Mathieu and Heymann, Sebastien and Jacomy, Mathieu},
  booktitle={Third International AAAI Conference on Web and Social Media},
  year={2009},
  publisher={{AAAI}},
  pages={361--362},
  series={{ICWSM}},
  note = {\url{https://gephi.org/}}
}

@article{csardi_igraph_2006,
  title={The iGraph software package for complex network research},
  author={Csardi, Gabor and Nepusz, Tamas and others},
  journal={InterJournal},
  volume={1695},
  number={5},
  pages={1--9},
  year={2006},
  note = {\url{https://igraph.org/}}
}

@inproceedings{hagberg_networkx_2008,
  title = {Exploring network structure, dynamics, and function using NetworkX},
  author={Hagberg, Aric A. and Schult, Daniel A. and Swart, Pieter J.},
  booktitle={Seventh Python in Science Conference},
  editor={Varoquaux, G\"{a}el and Vaught, Travis and Millman, Jarrod},
  location = {Pasadena, California, USA},
  pages = {11--15},
  mon = {aug},
  year = {2008},
  note = {\url{https://networkx.org/}}
}

@article{bonald_scikitnetwork_2020,
  author = {Bonald, Thomas and de Lara, Nathan and Lutz, Quentin and Charpentier, Bertrand},
  title = {Scikit-network: Graph Analysis in Pyth  note={\url{https://netwulf.readthedocs.io/}}

on},
  journal = {Journal of Machine Learning Research},
  year = {2020},
  volume = {21},
  number = {185},
  pages = {1--6},
  url = {http://jmlr.org/papers/v21/20-412.html},
  note = {\url{https://scikit-network.readthedocs.io/}}
}

@article{aslak2019netwulf,
  title={Netwulf: interactive visualization of networks in python},
  author={Aslak, Ulf and Maier, Benjamin F},
  journal={Journal of Open Source Software},
  volume={4},
  number={42},
  pages={1425},
  year={2019},
  note={\url{https://netwulf.readthedocs.io/}}
}

@article{peixoto_graphtool_2014,
  title = {The graph-tool python library},
  url = {\url{http://figshare.com/articles/graph_tool/1164194}},
  doi = {10.6084/m9.figshare.1164194},
  urldate = {2014-09-10},
  journal = {figshare},
  author = {Peixoto, Tiago P.},
  year = {2014},
  note = {\url{https://graph-tool.skewed.de/}}
}

%%%%%%%%%%%%%%%%%%%%%%%%%%%%%
%%% Week 01: Fundamentals %%%
%%%%%%%%%%%%%%%%%%%%%%%%%%%%%

@article{brandes_WhatNetworkScience_2013,
  title = {What Is Network Science?},
  author = {Brandes, Ulrik and Robins, Garry and McCranie, Ann and Wasserman, Stanley},
  year = {2013},
  month = apr,
  volume = {1},
  pages = {1--15},
  publisher = {Cambridge University Press},
  doi = {10.1017/nws.2013.2},
  journal = {Network Science},
  number = {1}
}

@article{borgatti_NetworkAnalysisSocial_2009,
  title = {Network Analysis in the Social Sciences},
  author = {Borgatti, Stephen P. and Mehra, Ajay and Brass, Daniel J. and Labianca, Giuseppe},
  year = {2009},
  month = feb,
  volume = {323},
  pages = {892--895},
  publisher = {{American Association for the Advancement of Science}},
  issn = {0036-8075, 1095-9203},
  doi = {10.1126/science.1165821},
  journal = {Science},
  number = {5916},
}

@article{wellman_NetworkAnalysisBasic_1983,
  title = {Network Analysis: Some Basic Principles},
  author = {Wellman, Barry},
  year = {1983},
  volume = {1},
  pages = {155--200},
  doi = {10.2307/202050},
  journal = {Sociological Theory}
}

@article{butts_RevisitingFoundationsNetwork_2009,
  title = {Revisiting the Foundations of Network Analysis},
  author = {Butts, Carter T.},
  year = {2009},
  month = jul,
  volume = {325},
  pages = {414--416},
  publisher = {{American Association for the Advancement of Science}},
  doi = {10.1126/science.1171022},
  journal = {Science},
  number = {5939}
}

@article{kilduff_organizational_2010,
  title = {Organizational Social Network Research: Core Ideas and Key Debates},
  author = {Kilduff, Martin and Brass, Daniel J.},
  year = {2010},
  month = jun,
  volume = {4},
  pages = {317--357},
  doi = {10.1080/19416520.2010.494827},
  journal = {Academy of Management Annals},
  number = {1}
}

@book{freeman_DevelopmentSocialNetwork_2004,
  title = {The development of social network analysis: a study in the sociology of science},
  author = {Freeman, Linton C.},
  year = {2004},
  publisher = {{Empirical Press}},
  address = {{Vancouver, BC}}
}


@article{kleinberg_convergence_2008,
  title = {The Convergence of Social and Technological Networks},
  author = {Kleinberg, Jon},
  year = {2008},
  journal = {Communications of the ACM},
  volume = {51},
  number = {11},
  pages = {66--72}
}

@article{newman_structure_2003,
  title = {The Structure and Function of Complex Networks},
  author = {Newman, M.E.J.},
  year = {2003},
  volume = {45},
  pages = {167--256},
  journal = {SIAM Review}
}

@article{borner_network_2007,
  title = {Network Science},
  author = {B{\"o}rner, Katy and Sanyal, Soma and Vespignani, Alessandro},
  year = {2007},
  month = jan,
  volume = {41},
  pages = {537--607},
  doi = {10.1002/aris.2007.1440410119},
  journal = {Annual Review of Information Science and Technology},
  number = {1}
}

@article{burt_ModelsNetworkStructure_1980,
  title = {Models of Network Structure},
  author = {Burt, Ronald S.},
  year = {1980},
  volume = {6},
  pages = {79--141},
  publisher = {Annual Reviews},
  journal = {Annual Review of Sociology}
}

@article{watts_NewScienceNetworks_2004,
  title = {The ``New'' Science of Networks},
  author = {Watts, Duncan J.},
  year = {2004},
  month = aug,
  volume = {30},
  pages = {243--270},
  publisher = {Annual Reviews},
  doi = {10.1146/annurev.soc.30.020404.104342},
  journal = {Annual Review of Sociology},
  number = {1}
}

@article{boccaletti_ComplexNetworksStructure_2006,
  title = {Complex Networks: Structure and Dynamics},
  author = {Boccaletti, S. and Latora, V. and Moreno, Y. and Chavez, M. and Hwang, D. -U.},
  year = {2006},
  month = feb,
  volume = {424},
  pages = {175--308},
  doi = {10.1016/j.physrep.2005.10.009},
  journal = {Physics Reports},
  number = {4}
}

@article{costa_AnalyzingModelingRealworld_2011,
  title = {Analyzing and Modeling Real-World Phenomena with Complex Networks: A Survey of Applications},
  author = {Costa, Luciano da Fontoura and Jr, Osvaldo N. Oliveira and Travieso, Gonzalo and Rodrigues, Francisco Aparecido and Boas, Paulino Ribeiro Villas and Antiqueira, Lucas and Viana, Matheus Palhares and Rocha, Luis Enrique Correa},
  year = {2011},
  month = jun,
  volume = {60},
  pages = {329--412},
  publisher = {Taylor \& Francis},
  doi = {10.1080/00018732.2011.572452},
  journal = {Advances in Physics},
  number = {3}
}

@article{costa_CharacterizationComplexNetworks_2007,
  title = {Characterization of Complex Networks: A Survey of Measurements},
  author = {Costa, L. da F. and Rodrigues, F. A. and Travieso, G. and Boas, P. R. Villas},
  year = {2007},
  month = jan,
  volume = {56},
  pages = {167--242},
  publisher = {Taylor \& Francis},
  doi = {10.1080/00018730601170527},
  journal = {Advances in Physics},
  number = {1}
}

@article{butts_SocialNetworkAnalysis_2008,
  title = {Social Network Analysis: A Methodological Introduction},
  author = {Butts, Carter T.},
  year = {2008},
  volume = {11},
  pages = {13--41},
  doi = {10.1111/j.1467-839X.2007.00241.x},
  journal = {Asian Journal of Social Psychology},
  number = {1}
}

@article{scott_SocialNetworkAnalysis_1988,
  title = {Social Network Analysis},
  author = {Scott, John},
  year = {1988},
  month = feb,
  volume = {22},
  pages = {109--127},
  publisher = {SAGE Publications Ltd},
  doi = {10.1177/0038038588022001007},
  journal = {Sociology},
  number = {1}
}

@article{scott_SocialNetworkAnalysis_2011,
  title = {Social Network Analysis: Developments, Advances, and Prospects},
  author = {Scott, John},
  year = {2011},
  month = jan,
  volume = {1},
  pages = {21--26},
  doi = {10.1007/s13278-010-0012-6},
  journal = {Social Network Analysis and Mining},
  number = {1}
}

@article{camacho_FourDimensionsSocial_2020,
  title = {The Four Dimensions of Social Network Analysis: An Overview of Research Methods, Applications, and Software Tools},
  author = {Camacho, David and {Panizo-Lledot}, {\'A}ngel and {Bello-Orgaz}, Gema and {Gonzalez-Pardo}, Antonio and Cambria, Erik},
  year = {2020},
  month = nov,
  volume = {63},
  pages = {88--120},
  doi = {10.1016/j.inffus.2020.05.009},
  journal = {Information Fusion}
}


%%%%%%%%%%%%%%%%%%%%%%%%%%%%%%%%%%
%%% Week 02: Types of networks %%%
%%%%%%%%%%%%%%%%%%%%%%%%%%%%%%%%%%

@article{marsden_network_1990,
  title = {Network Data and Measurement},
  author = {Marsden, Peter V.},
  year = {1990},
  volume = {16},
  pages = {435--463},
  doi = {10.1146/annurev.so.16.080190.002251},
  journal = {Annual Review of Sociology},
  number = {1}
}

@article{kossinets_effects_2006,
  title = {Effects of Missing Data in Social Networks},
  author = {Kossinets, G.},
  year = {2006},
  volume = {28},
  pages = {247--268},
  journal = {Social Networks}
}

@article{diviak_KeyAspectsCovert_2019,
  title = {Key Aspects of Covert Networks Data Collection: Problems, Challenges, and Opportunities},
  author = {Divi{\'a}k, Tom{\'a}{\v s}},
  year = {2019},
  month = oct,
  doi = {10.1016/j.socnet.2019.10.002},
  journal = {Social Networks}
}

@article{howison_validity_2011,
  title = {Validity Issues in the Use of Social Network Analysis with Digital Trace Data},
  author = {Howison, James and Wiggins, Andrea and Crowston, Kevin},
  year = {2011},
  month = dec,
  volume = {12},
  pages = {767--797},
  journal = {Journal of the Association for Information Systems},
  number = {12}
}

@article{bernard_information_1977,
  title = {Information Accuracy in Social Network Data},
  author = {Bernard, H and Kilworth, P and Sailer, L},
  year = {1977},
  volume = {4},
  pages = {3--18},
  journal = {Human Communication Research}
}

@article{bernard_informant_1984,
  title = {The Problem of Informant Accuracy: The Validity of Retrospective Data},
  author = {Bernard, H. Russell and Killworth, Peter and Kronenfeld, David and Sailer, Lee},
  year = {1984},
  volume = {13},
  pages = {495--517},
  doi = {10.1146/annurev.an.13.100184.002431},
  eprint = {https://doi.org/10.1146/annurev.an.13.100184.002431},
  journal = {Annual Review of Anthropology},
  number = {1}
}

@article{kadushin_who_2005,
  title = {Who Benefits from Network Analysis: Ethics of Social Network Research},
  author = {Kadushin, Charles},
  year = {2005},
  month = may,
  volume = {27},
  pages = {139--153},
  doi = {10.1016/j.socnet.2005.01.005},
  journal = {Social Networks},
  number = {2}
}

@article{tubaro_SocialNetworkAnalysis_2020,
  title = {Social Network Analysis: New Ethical Approaches through Collective Reflexivity.},
  author = {Tubaro, Paola and Ryan, Louise and Casilli, Antonio A. and D'Angelo, Alessio},
  year = {2020},
  month = dec,
  doi = {10.1016/j.socnet.2020.12.001},
  journal = {Social Networks}
}

@article{dangelo_PresentationNetworkedSelf_2019,
  title = {The Presentation of the Networked Self: Ethics and Epistemology in Social Network Analysis},
  author = {D'Angelo, Alessio and Ryan, Louise},
  year = {2019},
  month = jul,
  doi = {10.1016/j.socnet.2019.06.002},
  journal = {Social Networks}
}

@article{roden_AvoidingGIGOLearnings_2020,
  title = {Avoiding {GIGO}: Learnings from Data Collection in Innovation Research},
  author = {Roden, Bopha and Lusher, Dean and Spurling, Thomas H. and Simpson, Gregory W. and Klein, Till and Brailly, Julien and Hogan, Bernie},
  year = {2020},
  month = may,
  doi = {10.1016/j.socnet.2020.04.005},
  journal = {Social Networks}
}

@article{molina_MoralBureaucraciesSocial_2019,
  title = {Moral Bureaucracies and Social Network Research},
  author = {Molina, Jos{\'e} Luis and Borgatti, Stephen P.},
  year = {2019},
  month = nov,
  doi = {10.1016/j.socnet.2019.11.001},
  journal = {Social Networks}
}

@article{borgatti_EthicalGuidelinesNetwork_2005,
  title = {Toward Ethical Guidelines for Network Research in Organizations},
  author = {Borgatti, Stephen P. and Molina, Jos{\'e}-Luis},
  year = {2005},
  month = may,
  volume = {27},
  pages = {107--117},
  doi = {10.1016/j.socnet.2005.01.004},
  journal = {Social Networks},
  number = {2},
  series = {Ethical Dilemmas in Social Network Research}
}

@article{emirbayer_ManifestoRelationalSociology_1997,
  title = {Manifesto for a Relational Sociology},
  author = {Emirbayer, Mustafa},
  year = {1997},
  volume = {103},
  pages = {281--317},
  publisher = {The University of Chicago Press},
  doi = {10.1086/231209},
  journal = {American Journal of Sociology},
  number = {2}
}

@article{emirbayer_NetworkAnalysisCulture_1994,
  title = {Network Analysis, Culture, and the Problem of Agency},
  author = {Emirbayer, Mustafa and Goodwin, Jeff},
  year = {1994},
  volume = {99},
  pages = {1411--1454},
  publisher = {University of Chicago Press},
  journal = {American Journal of Sociology},
  number = {6}
}

@inproceedings{hagberg_exploring_2008,
  title = {Exploring Network Structure, Dynamics, and Function Using NetworkX},
  booktitle = {SciPy'08},
  author = {Hagberg, Aric A. and Schult, Daniel A. and Swart, Pieter J.},
  year = {2008}
}




%%%%%%%%%%%%%%%%%%%%%%%%%%%%%%%%%%%%%
%%% Week 03: Visualizing networks %%%
%%%%%%%%%%%%%%%%%%%%%%%%%%%%%%%%%%%%%

@article{bastian_gephi_2009,
  title = {Gephi: An Open Source Software for Exploring and Manipulating Networks.},
  author = {Bastian, Mathieu and Heymann, Sebastien and Jacomy, Mathieu},
  year = {2009},
  volume = {8},
  pages = {361--362},
  journal = {ICWSM}
}

@article{zhu_visualization_2010,
  title = {Visualization of Network Concepts: The Impact of Working Memory Capacity Differences},
  author = {Zhu, Bin and Watts, Stephanie A.},
  year = {2010},
  month = jun,
  volume = {21},
  pages = {327--344},
  doi = {10.1287/isre.1080.0215},
  journal = {Information Systems Research},
  number = {2}
}

@article{healy_data_2014,
  title = {Data Visualization in Sociology},
  author = {Healy, Kieran and Moody, James},
  year = {2014},
  volume = {40},
  pages = {105--128},
  doi = {10.1146/annurev-soc-071312-145551},
  journal = {Annual Review of Sociology},
  number = {1}
}

@article{brandes_ExplanationNetworkVisualization_2006,
  title = {Explanation through Network Visualization},
  author = {Brandes, Ulrik and Kenis, Patrick and Raab, J{\"o}rg},
  year = {2006},
  volume = {2},
  pages = {16--23},
  publisher = {Hogrefe \& Huber Publishers},
  doi = {10.1027/1614-2241.2.1.16},
  journal = {Methodology},
  number = {1}
}

@incollection{krempel_NetworkVisualization_2014,
  title = {Network Visualization},
  booktitle = {The SAGE Handbook of Social Network Analysis},
  author = {Krempel, Lothar},
  year = {2014},
  pages = {558--577},
  publisher = {SAGE Publications Ltd},
  address = {London},
  doi = {10.4135/9781446294413}
}

@article{maya-jariego_WhatEyeDoes_2019,
  title = {What the Eye Does Not See: Visualizations Strategies for the Data Collection of Personal Networks},
  author = {{Maya-Jariego}, Isidro and Cachia, Romina},
  year = {2019},
  volume = {39},
  pages = {1--18},
  doi = {10.21307/connections-2019-003},
  journal = {Connections},
  number = {1}
}

@article{moody_DynamicNetworkVisualization_2005,
  title = {Dynamic Network Visualization},
  author = {Moody, James and McFarland, Daniel and Bender-deMoll, Skye},
  year = {2005},
  volume = {110},
  pages = {1206--1241},
  publisher = {The University of Chicago Press},
  doi = {10.1086/421509},
  journal = {American Journal of Sociology},
  number = {4}
}

@incollection{pfeffer_SocialNetworkVisualization_2019,
  title = {Social Network Visualization, Methods Of},
  booktitle = {Encyclopedia of Complexity and Systems Science},
  author = {Pfeffer, J{\"u}rgen and Freeman, Linton C.},
  editor = {Meyers, Robert A.},
  year = {2019},
  pages = {1--25},
  publisher = {Springer},
  address = {Berlin, Heidelberg},
  doi = {10.1007/978-3-642-27737-5_496-2}
}

@article{pokorny_NetworkAnalysisVisualization_2018,
  title = {Network Analysis for the Visualization and Analysis of Qualitative Data},
  author = {Pokorny, Jennifer J. and Norman, Alex and Zanesco, Anthony P. and Bauer-Wu, Susan and Sahdra, Baljinder K. and and Saron, Clifford D.},
  year = {2018},
  month = mar,
  volume = {23},
  pages = {169--183},
  publisher = {American Psychological Association},
  address = {Washington, US},
  doi = {10.1037/met0000129},
  journal = {Psychological Methods},
  number = {1}
}

@article{beck_TaxonomySurveyDynamic_2017,
  title = {A Taxonomy and Survey of Dynamic Graph Visualization},
  author = {Beck, Fabian and Burch, Michael and Diehl, Stephan and Weiskopf, Daniel},
  year = {2017},
  volume = {36},
  pages = {133--159},
  doi = {10.1111/cgf.12791},
  journal = {Computer Graphics Forum},
  number = {1}
}

@incollection{bennett_AestheticsGraphVisualization_2007,
  title = {The Aesthetics of Graph Visualization},
  booktitle = {Computational Aesthetics in Graphics, Visualization, and Imaging},
  author = {Bennett, Chris and Ryall, Jody and Spalteholz, Leo and Gooch, Amy},
  editor = {Cunningham, D.W. and Meyer, G. and Neumann, L.},
  year = {2007},
  pages = {57--64},
  publisher = {The Eurographics Association},
  doi = {10.2312/COMPAESTH/COMPAESTH07/057-064}
}

@article{gibson_SurveyTwodimensionalGraph_2013,
  title = {A Survey of Two-Dimensional Graph Layout Techniques for Information Visualisation},
  author = {Gibson, Helen and Faith, Joe and Vickers, Paul},
  year = {2013},
  month = jul,
  volume = {12},
  pages = {324--357},
  publisher = {SAGE Publications},
  doi = {10.1177/1473871612455749},
  journal = {Information Visualization},
  number = {3-4}
}

@article{herman_GraphVisualizationNavigation_2000,
  title = {Graph Visualization and Navigation in Information Visualization: A Survey},
  author = {Herman, I. and Melancon, G. and Marshall, M.S.},
  year = {2000},
  month = jan,
  volume = {6},
  pages = {24--43},
  doi = {10.1109/2945.841119},
  journal = {IEEE Transactions on Visualization and Computer Graphics},
  number = {1}
}

@incollection{huang_LayoutEffectsSociogram_2006,
  title = {Layout Effects on Sociogram Perception},
  booktitle = {Graph Drawing},
  author = {Huang, Weidong and Hong, Seok-Hee and Eades, Peter},
  year = {2006},
  volume = {3843},
  pages = {262--273},
  publisher = {Springer},
  address = {Berlin, Heidelberg},
  doi = {10.1007/11618058_24}
}

@article{landesberger_VisualAnalysisLarge_2011,
  title = {Visual Analysis of Large Graphs: State-of-the-Art and Future Research Challenges},
  author = {von Landesberger, T. and Kuijper, A. and Schreck, T. and Kohlhammer, J. and van Wijk, J. J. and Fekete, J.-D. and Fellner, D. W.},
  year = {2011},
  volume = {30},
  pages = {1719--1749},
  doi = {10.1111/j.1467-8659.2011.01898.x},
  journal = {Computer Graphics Forum},
  number = {6}
}

@article{mcgrath_EffectSpatialArrangement_1997,
  title = {The Effect of Spatial Arrangement on Judgments and Errors in Interpreting Graphs},
  author = {McGrath, Cathleen and Blythe, Jim and Krackhardt, David},
  year = {1997},
  month = aug,
  volume = {19},
  pages = {223--242},
  doi = {10.1016/S0378-8733(96)00299-7},
  journal = {Social Networks},
  number = {3}
}

%%%%%%%%%%%%%%%%%%%%%%%%%%%%%%%%%%%%%
%%% Week 04: Node-level structure %%%
%%%%%%%%%%%%%%%%%%%%%%%%%%%%%%%%%%%%%

@article{borgatti_centrality_2005,
  title = {Centrality and Network Flow},
  author = {Borgatti, Stephen P.},
  year = {2005},
  month = jan,
  volume = {27},
  pages = {55--71},
  doi = {10.1016/j.socnet.2004.11.008},
  journal = {Social Networks},
  number = {1}
}

@article{borgatti_graph-theoretic_2006,
  title = {A Graph-Theoretic Perspective on Centrality},
  author = {Borgatti, Stephen P. and Everett, Martin G.},
  year = {2006},
  month = oct,
  volume = {28},
  pages = {466--484},
  doi = {10.1016/j.socnet.2005.11.005},
  journal = {Social Networks},
  number = {4}
}

@article{freeman_centrality_1978,
  title = {Centrality in Social Networks: Conceptual Clarification},
  author = {Freeman, Linton C.},
  year = {1978},
  volume = {1},
  pages = {215--239},
  doi = {10.1016/0378-8733(78)90021-7},
  journal = {Social Networks},
  number = {3}
}

@article{bonacich_centrality_1987,
  title = {Power and Centrality: A Family of Measures},
  author = {Bonacich, Phillip},
  year = {1987},
  volume = {92},
  pages = {1170--1182},
  publisher = {University of Chicago Press},
  journal = {American Journal of Sociology},
  number = {5}
}

@article{borgatti1998network,
  title={Network measures of social capital},
  author={Borgatti, Stephen P and Jones, Candace and Everett, Martin G},
  journal={Connections},
  volume={21},
  number={2},
  pages={27--36},
  year={1998}
}

@article{kwon_SocialCapitalMaturation_2014,
  title = {Social Capital: Maturation of a Field of Research},
  author = {Kwom, Seok-Woo and Adler, Paul S.},
  year = {2014},
  volume = {39},
  pages = {412--422},
  publisher = {Academy of Management},
  journal = {The Academy of Management Review},
  number = {4}
}

@article{lin_BuildingNetworkTheory_1999,
  title = {Building a Network Theory of Social Capital},
  author = {Lin, Nan},
  year = {1999},
  volume = {24},
  pages = {28--51},
  journal = {Connections},
  number = {1}
}

@article{burt_structural_2004,
  title = {Structural Holes and Good Ideas},
  author = {Burt, R.S.},
  year = {2004},
  volume = {110},
  pages = {349--399},
  journal = {American Journal of Sociology},
  number = {2}
}

@article{nahapiet_social_1998,
  title = {Social Capital, Intellectual Capital, and the Organizational Advantage},
  author = {Nahapiet, J. and Ghoshal, S.},
  year = {1998},
  pages = {242--266},
  journal = {Academy of Management Review}
}

@article{burt_NetworkStructureSocial_2000,
  title = {The Network Structure Of Social Capital},
  author = {Burt, Ronald S.},
  year = {2000},
  month = jan,
  volume = {22},
  pages = {345--423},
  doi = {10.1016/S0191-3085(00)22009-1},
  journal = {Research in Organizational Behavior}
}

%%%%%%%%%%%%%%%%%%%%%%%%%%%%%%%%%%%%%%
%%% Week 05: Local-level structure %%%
%%%%%%%%%%%%%%%%%%%%%%%%%%%%%%%%%%%%%%

@article{holland_local_1976,
  title = {Local Structure in Social Networks},
  author = {Holland, Paul W. and Leinhardt, Samuel},
  year = {1976},
  volume = {7},
  pages = {1--45},
  doi = {10.2307/270703},
  journal = {Sociological Methodology}
}

@article{milo_network_2002,
  title = {Network Motifs: Simple Building Blocks of Complex Networks},
  author = {Milo, R. and {Shen-Orr}, S. and Itzkovitz, S. and Kashtan, N. and Chklovskii, D. and Alon, U.},
  year = {2002},
  month = oct,
  volume = {298},
  pages = {824--827},
  doi = {10.1126/science.298.5594.824},
  journal = {Science},
  number = {5594}
}

@article{milo_superfamilies_2004,
  title = {Superfamilies of Evolved and Designed Networks},
  author = {Milo, Ron and Itzkovitz, Shalev and Kashtan, Nadav and Levitt, Reuven and {al}, et},
  year = {2004},
  month = mar,
  volume = {303},
  pages = {1538--42},
  journal = {Science},
  number = {5663}
}

@article{opsahl_clustering_2009,
  title = {Clustering in Weighted Networks},
  author = {Opsahl, Tore and Panzarasa, Pietro},
  year = {2009},
  month = may,
  volume = {31},
  pages = {155--163},
  doi = {10.1016/j.socnet.2009.02.002},
  journal = {Social Networks},
  number = {2}
}

@article{aral_diversity-bandwidth_2011,
  title = {The Diversity-Bandwidth Trade-Off},
  author = {Aral, Sinan and Alstyne, Marshall Van},
  year = {2011},
  month = jul,
  volume = {117},
  pages = {90--171},
  doi = {10.1086/661238},
  journal = {American Journal of Sociology},
  number = {1}
}

@article{uzzi_social_1997,
  title = {Social Structure and Competition in Interfirm Networks: The Paradox of Embeddedness},
  author = {Uzzi, B.},
  year = {1997},
  volume = {42},
  issue = {1},
  pages = {35--67},
  journal = {Administrative Science Quarterly}
}

@article{feld_friends_1991,
  title = {Why Your Friends Have More Friends Than You Do},
  author = {Feld, Scott L.},
  year = {1991},
  month = may,
  volume = {96},
  pages = {1464--1477},
  doi = {10.1086/229693},
  journal = {American Journal of Sociology},
  number = {6}
}

@article{newman_different_2003,
  title = {Why Social Networks Are Different from Other Types of Networks},
  author = {Newman, M. E. J. and Park, Juyong},
  year = {2003},
  month = sep,
  volume = {68},
  pages = {036122},
  doi = {10.1103/PhysRevE.68.036122},
  journal = {Physical Review E},
  number = {3}
}

@article{newman_AssortativeMixingNetworks_2002,
  title = {Assortative Mixing in Networks},
  author = {Newman, M. E. J.},
  year = {2002},
  month = oct,
  volume = {89},
  pages = {208701},
  doi = {10.1103/PhysRevLett.89.208701},
  journal = {Physical Review Letters},
  number = {20}
}

@article{newman_MixingPatternsNetworks_2003,
  title = {Mixing Patterns in Networks},
  author = {Newman, M. E. J.},
  year = {2003},
  month = feb,
  volume = {67},
  pages = {026126},
  doi = {10.1103/PhysRevE.67.026126},
  journal = {Physical Review E},
  number = {2}
}

@article{lerman_MajorityIllusionSocial_2016,
  title = {The ``Majority Illusion'' in Social Networks},
  author = {Lerman, Kristina and Yan, Xiaoran and {Xin-Zeng}, Wu},
  year = {2016},
  month = feb,
  volume = {11},
  pages = {e0147617},
  publisher = {Public Library of Science},
  address = {San Francisco, United States},
  doi = {http://dx.doi.org.colorado.idm.oclc.org/10.1371/journal.pone.0147617},
  journal = {PLoS One},
  number = {2}
}

@article{granovetter_EconomicActionSocial_1985a,
  title = {Economic Action and Social Structure: The Problem of Embeddedness},
  author = {Granovetter, Mark},
  year = {1985},
  volume = {91},
  pages = {481--510},
  publisher = {University of Chicago Press},
  journal = {American Journal of Sociology},
  number = {3}
}

%%%%%%%%%%%%%%%%%%%%%%%%%%%%%%%%%%%%%%%
%%% Week 06: Global-level structure %%%
%%%%%%%%%%%%%%%%%%%%%%%%%%%%%%%%%%%%%%%

@article{robins_small_2005,
  title = {Small and Other Worlds: Global Network Structures from Local Processes},
  author = {Robins, G. and Pattison, P. and Woolcock, J.},
  year = {2005},
  volume = {110},
  pages = {894--936},
  journal = {American Journal of Sociology}
}

@article{broido_scalefree_2019,
  title = {Scale-free networks are rare},
  author = {Broido, Anna D. and Aaron, Clauset},
  year = {2019},
  month = dec,
  volume = {10},
  publisher = {{Nature Publishing Group}},
  address = {{London, United States, London}},
  doi = {http://dx.doi.org.colorado.idm.oclc.org/10.1038/s41467-019-08746-5},
  journal = {Nature Communications; London},
  number = {1}
}

@article{borgatti_models_2000,
  title = {Models of Core/Periphery Structures},
  author = {Borgatti, Stephen P and Everett, Martin G},
  year = {2000},
  month = oct,
  volume = {21},
  pages = {375--395},
  doi = {10.1016/S0378-8733(99)00019-2},
  journal = {Social Networks},
  number = {4}
}

@article{uzzi_SmallworldNetworksManagement_2007,
  title = {Small-World Networks and Management Science Research: A Review},
  author = {Uzzi, Brian and Amaral, Luis AN and {Reed-Tsochas}, Felix},
  year = {2007},
  month = jun,
  volume = {4},
  pages = {77--91},
  doi = {10.1057/palgrave.emr.1500078},
  journal = {European Management Review},
  number = {2}
}

@article{watts_CollectiveDynamicsSmallworld_1998,
  title = {Collective Dynamics of `Small-World' Networks},
  author = {Watts, Duncan J. and Strogatz, Steven H.},
  year = {1998},
  month = jun,
  volume = {393},
  pages = {440--442},
  publisher = {Nature Publishing Group},
  doi = {10.1038/30918},
  journal = {Nature},
  number = {6684}
}

@article{rombach_CorePeripheryStructureNetworks_2017,
  title = {Core-Periphery Structure in Networks (Revisited)},
  author = {Rombach, Puck and Porter, Mason A. and Fowler, James H. and Mucha, Peter J.},
  year = {2017},
  month = jan,
  volume = {59},
  pages = {619--646},
  doi = {10.1137/17M1130046},
  journal = {SIAM Review},
  number = {3}
}

@article{albert_ErrorAttackTolerance_2000,
  title = {Error and Attack Tolerance of Complex Networks},
  author = {Albert, R{\'e}ka and Jeong, Hawoong and Barab{\'a}si, Albert-L{\'a}szl{\'o}},
  year = {2000},
  month = jul,
  volume = {406},
  pages = {378--382},
  publisher = {Nature Publishing Group},
  doi = {10.1038/35019019},
  journal = {Nature},
  number = {6794}
}

@article{barabasi_ScaleFreeNetworksDecade_2009,
  title = {Scale-Free Networks: A Decade and Beyond},
  author = {Barab{\'a}si, Albert-L{\'a}szl{\'o}},
  year = {2009},
  month = jul,
  volume = {325},
  pages = {412--413},
  doi = {10.1126/science.1173299},
  journal = {Science},
  number = {5939}
}

@article{alstott_powerlaw_2014,
  title = {Powerlaw: A Python Package for Analysis of Heavy-Tailed Distributions},
  author = {Alstott, Jeff and Bullmore, Ed and Plenz, Dietmar},
  year = {2014},
  month = jan,
  volume = {9},
  pages = {e85777},
  doi = {10.1371/journal.pone.0085777},
  journal = {PLoS ONE},
  number = {1},
  note = {\url{https://github.com/jeffalstott/powerlaw}}
}

@article{andriani_perspectivegaussian_2009,
  title = {From Gaussian to Paretian Thinking: Causes and Implications of Power Laws in Organizations},
  author = {Andriani, Pierpaolo and McKelvey, Bill},
  year = {2009},
  month = oct,
  volume = {20},
  pages = {1053--1071},
  doi = {10.1287/orsc.1090.0481},
  journal = {Organization Science},
  number = {6}
}

@article{clauset_powerlaw_2009,
  title = {Power-Law Distributions in Empirical Data},
  author = {Clauset, A. and Shalizi, C. and Newman, M.},
  year = {2009},
  month = nov,
  volume = {51},
  pages = {661--703},
  doi = {10.1137/070710111},
  journal = {SIAM Review},
  number = {4}
}

@article{milojevic_power_2010,
  title = {Power Law Distributions in Information Science: Making the Case for Logarithmic Binning},
  author = {Milojevi{\'c}, Sta{\textbackslash}vsa},
  year = {2010},
  volume = {61},
  pages = {2417--2425},
  journal = {Journal of the American Society for Information Science and Technology},
  number = {12}
}

@article{mitzenmacher_brief_2004,
  title = {A Brief History of Generative Models for Power Law and Lognormal Distributions},
  author = {Mitzenmacher, Michael},
  year = {2004},
  volume = {1},
  pages = {226--251},
  doi = {10.1080/15427951.2004.10129088},
  journal = {Internet Mathematics},
  number = {2}
}

@article{gillespie_FittingHeavyTailed_2015,
  title = {Fitting Heavy Tailed Distributions: The {PoweRlaw} Package},
  author = {Gillespie, Colin S.},
  year = {2015},
  journal = {Journal of Statistical Software},
  volume = {64},
  number = {1},
  note = {\url{https://github.com/csgillespie/poweRlaw}}
}

%%%%%%%%%%%%%%%%%%%%%%%%%%%%%%%%%%%%
%%% Week 07: Community structure %%%
%%%%%%%%%%%%%%%%%%%%%%%%%%%%%%%%%%%%

@article{ibarra_zooming_2005,
  title = {Zooming In and Out: Connecting Individuals and Collectivities at the Frontiers of Organizational Network Research},
  author = {Ibarra, Herminia and Kilduff, Martin and Tsai, Wenpin},
  year = {2005},
  month = aug,
  volume = {16},
  pages = {359--371},
  doi = {10.1287/orsc.1050.0129},
  journal = {Organization Science},
  number = {4}
}

@article{porter2009communities,
  title = {Communities in Networks},
  author = {Porter, Mason A and Onnela, Jukka-Pekka and Mucha, Peter J and others},
  year = {2009},
  journal = {Notices of the AMS},
  volume = {56},
  number = {9},
  pages = {1082--1097}
}


@article{friedkin_social_2004,
  title = {Social Cohesion},
  author = {Friedkin, Noah E.},
  year = {2004},
  month = aug,
  volume = {30},
  pages = {409--425},
  doi = {10.1146/annurev.soc.30.012703.110625},
  journal = {Annual Review of Sociology},
  number = {1}
}

@article{moody_structural_2003,
  title = {Structural Cohesion and Embeddedness: A Hierarchical Concept of Social Groups},
  author = {Moody, James and White, Douglas R.},
  year = {2003},
  month = feb,
  volume = {68},
  pages = {103--127},
  journal = {American Sociological Review},
  number = {1}
}

@article{doreian_DefiningLocatingCores_1994,
  title = {Defining and Locating Cores and Boundaries of Social Networks},
  author = {Doreian, Patrick and Woodard, Katherine L.},
  year = {1994},
  month = oct,
  journal = {Social Networks},
  volume = {16},
  number = {4},
  pages = {267--293},
  doi = {10.1016/0378-8733(94)90013-2}
}

@article{fortunato_CommunityDetectionGraphs_2010,
  title = {Community Detection in Graphs},
  author = {Fortunato, Santo},
  year = {2010},
  month = feb,
  journal = {Physics Reports},
  volume = {486},
  number = {3},
  pages = {75--174},
  doi = {10.1016/j.physrep.2009.11.002}
}

@article{fortunato_CommunityDetectionNetworks_2016,
  title = {Community Detection in Networks: A User Guide},
  author = {Fortunato, Santo and Hric, Darko},
  year = {2016},
  month = nov,
  journal = {Physics Reports},
  series = {Community Detection in Networks: A User Guide},
  volume = {659},
  pages = {1--44},
  doi = {10.1016/j.physrep.2016.09.002}
}

@article{bedi_CommunityDetectionSocial_2016,
  title = {Community Detection in Social Networks},
  author = {Bedi, Punam and Sharma, Chhavi},
  year = {2016},
  journal = {WIREs Data Mining and Knowledge Discovery},
  volume = {6},
  number = {3},
  pages = {115--135},
  doi = {10.1002/widm.1178}
}

@article{javed_CommunityDetectionNetworks_2018,
  title = {Community Detection in Networks: A Multidisciplinary Review},
  author = {Javed, Muhammad Aqib and Younis, Muhammad Shahzad and Latif, Siddique and Qadir, Junaid and Baig, Adeel},
  year = {2018},
  month = apr,
  journal = {Journal of Network and Computer Applications},
  volume = {108},
  pages = {87--111},
  doi = {10.1016/j.jnca.2018.02.011}
}


%%%%%%%%%%%%%%%%%%%%%%%%%%%%%%%%
%%% Week 08: Random networks %%%
%%%%%%%%%%%%%%%%%%%%%%%%%%%%%%%%


@article{robins_IntroductionExponentialRandom_2007,
  title = {An Introduction to Exponential Random Graph (P*) Models for Social Networks},
  author = {Robins, Garry and Pattison, Pip and Kalish, Yuval and Lusher, Dean},
  year = {2007},
  month = may,
  journal = {Social Networks},
  series = {Special Section: Advances in Exponential Random Graph (P*) Models},
  volume = {29},
  number = {2},
  pages = {173--191},
  doi = {10.1016/j.socnet.2006.08.002}
}

@article{faust_ComparingNetworksSpace_2002,
  title = {Comparing Networks across Space and Time, Size and Species},
  author = {Faust, Katherine and Skvoretz, John},
  year = {2002},
  month = aug,
  journal = {Sociological Methodology},
  volume = {32},
  number = {1},
  pages = {267--299},
  publisher = {SAGE Publications Inc},
  doi = {10.1111/1467-9531.00118}
}

@article{farine_GuideNullModels_2017,
  title = {A Guide to Null Models for Animal Social Network Analysis},
  author = {Farine, Damien R.},
  editor = {Freckleton, Robert and Rands, Sean},
  year = {2017},
  month = oct,
  journal = {Methods in Ecology and Evolution},
  volume = {8},
  number = {10},
  pages = {1309--1320},
  doi = {10.1111/2041-210X.12772}
}

@article{fredrickson_PermutationRandomizationTests_2019,
  title = {Permutation and Randomization Tests for Network Analysis},
  author = {Fredrickson, Mark M. and Chen, Yuguo},
  year = {2019},
  month = oct,
  journal = {Social Networks},
  volume = {59},
  pages = {171--183},
  doi = {10.1016/j.socnet.2019.08.001}
}

@article{ghafouri_SurveyExponentialRandom_2020,
  title = {A Survey on Exponential Random Graph Models: An Application Perspective},
  author = {Ghafouri, Saeid and Khasteh, Seyed Hossein},
  year = {2020},
  month = apr,
  journal = {PeerJ Computer Science},
  volume = {6},
  pages = {e269},
  publisher = {PeerJ Inc.},
  doi = {10.7717/peerj-cs.269}
}

@inproceedings{hanhijarvi_RandomizationTechniquesGraphs_2009,
  title = {Randomization Techniques for Graphs},
  booktitle = {Proceedings of the 2009 SIAM International Conference on Data Mining},
  author = {Hanhij{\"a}rvi, Sami and Garriga, Gemma C. and Puolam{\"a}ki, Kai},
  year = {2009},
  month = apr,
  pages = {780--791},
  publisher = {Society for Industrial and Applied Mathematics},
  doi = {10.1137/1.9781611972795.67}
}

@article{shumate_ExponentialRandomGraph_2010,
  title = {Exponential Random Graph (P*) Models as a Method for Social Network Analysis in Communication Research},
  author = {Shumate, Michelle and Palazzolo, Edward   T.},
  year = {2010},
  month = nov,
  journal = {Communication Methods and Measures},
  volume = {4},
  number = {4},
  pages = {341--371},
  publisher = {Routledge},
  doi = {10.1080/19312458.2010.527869}
}

@article{newman_RandomGraphModels_2002,
  title = {Random Graph Models of Social Networks},
  author = {Newman, M. E. J. and Watts, D. J. and Strogatz, S. H.},
  year = {2002},
  month = feb,
  journal = {Proceedings of the National Academy of Sciences},
  volume = {99},
  number = {Supplement 1},
  pages = {2566--2572},
  doi = {10.1073/pnas.012582999}
}


%%%%%%%%%%%%%%%%%%%%%%%%%%%%%%%
%%% Week 09: Network growth %%%
%%%%%%%%%%%%%%%%%%%%%%%%%%%%%%%

@article{guimera_team_2005,
  title = {Team Assembly Mechanisms Determine Collaboration Network Structure and Team Performance},
  author = {Guimer{\`a}, Roger and Uzzi, Brian and Spiro, Jarrett and Amaral, Lu{\'i}s A. Nunes},
  year = {2005},
  month = apr,
  volume = {308},
  pages = {697--702},
  doi = {10.1126/science.1106340},
  journal = {Science},
  number = {5722}
}

@article{kossinets_empirical_2006,
  title = {Empirical Analysis of an Evolving Social Network},
  author = {Kossinets, G.},
  year = {2006},
  month = jan,
  volume = {311},
  pages = {88--90},
  doi = {10.1126/science.1116869},
  journal = {Science},
  number = {5757}
}

@article{kilduff_ParadigmTooFar_2006,
  title = {A Paradigm Too Far? A Dynamic Stability Reconsideration of the Social Network Research Program},
  author = {Kilduff, Martin and Tsai, Wenpin and Hanke, Ralph},
  year = {2006},
  volume = {31},
  pages = {1031--1048},
  publisher = {Academy of Management},
  doi = {10.2307/20159264},
  journal = {The Academy of Management Review},
  number = {4}
}

@article{ahuja_introduction_2012,
  title = {Introduction to the Special Issue: The Genesis and Dynamics of Organizational Networks},
  author = {Ahuja, Gautam and Soda, Giuseppe and Zaheer, Akbar},
  year = {March/April 2012},
  volume = {23},
  pages = {434--448},
  doi = {10.1287/orsc.1110.0695},
  journal = {Organization Science}
}

@article{faraj_network_2010,
  title = {Network Exchange Patterns in Online Communities},
  author = {Faraj, Samer and Johnson, Steven L.},
  year = {2010},
  month = dec,
  volume = {22},
  pages = {1464--1480},
  doi = {10.1287/orsc.1100.0600},
  journal = {Organization Science},
  number = {6}
}

@article{toivonen_ComparativeStudySocial_2009,
  title = {A Comparative Study of Social Network Models: Network Evolution Models and Nodal Attribute Models},
  author = {Toivonen, Riitta and Kovanen, Lauri and Kivel{\"a}, Mikko and Onnela, Jukka-Pekka and Saram{\"a}ki, Jari and Kaski, Kimmo},
  year = {2009},
  month = oct,
  journal = {Social Networks},
  volume = {31},
  number = {4},
  pages = {240--254},
  doi = {10.1016/j.socnet.2009.06.004}
}

@article{dorogovtsev_EvolutionNetworks_2002,
  title = {Evolution of Networks},
  author = {Dorogovtsev, S. N. and Mendes, J. F. F.},
  year = {2002},
  month = jun,
  journal = {Advances in Physics},
  volume = {51},
  number = {4},
  pages = {1079--1187},
  doi = {10.1080/00018730110112519}
}

@article{johnson_EmergencePowerLaws_2014,
  title = {Emergence of Power Laws in Online Communities: The Role of Social Mechanisms and Preferential Attachment},
  author = {Johnson, Steven L. and Faraj, Samer and Kudaravalli, Srinivas},
  year = {2014},
  journal = {MIS Quarterly},
  volume = {38},
  number = {3},
  pages = {795-A13},
  publisher = {University of Minnesota}
}

@inproceedings{leskovec_microscopic_2008,
  title = {Microscopic Evolution of Social Networks},
  booktitle = {Proceedings of the 14th ACM SIGKDD International Conference on Knowledge Discovery and Data Mining},
  author = {Leskovec, Jure and Backstrom, Lars and Kumar, Ravi and Tomkins, Andrew},
  year = {2008},
  series = {KDD '08},
  pages = {462--470},
  publisher = {ACM},
  address = {New York, NY, USA},
  doi = {10.1145/1401890.1401948}
}

@article{barabasi_EvolutionSocialNetwork_2002,
  title = {Evolution of the Social Network of Scientific Collaborations},
  author = {Barab{\'a}si, A. L and Jeong, H and N{\'e}da, Z and Ravasz, E and Schubert, A and Vicsek, T},
  year = {2002},
  month = aug,
  journal = {Physica A: Statistical Mechanics and its Applications},
  volume = {311},
  number = {3},
  pages = {590--614},
  doi = {10.1016/S0378-4371(02)00736-7}
}

@article{leskovec_GraphEvolutionDensification_2007,
  title = {Graph Evolution: Densification and Shrinking Diameters},
  author = {Leskovec, Jure and Kleinberg, Jon and Faloutsos, Christos},
  year = {2007},
  month = mar,
  journal = {ACM Transactions on Knowledge Discovery from Data},
  volume = {1},
  number = {1},
  pages = {2},
  doi = {10.1145/1217299.1217301}
}

@article{palla_QuantifyingSocialGroup_2007,
  title = {Quantifying Social Group Evolution},
  author = {Palla, Gergely and Barab{\'a}si, Albert-L{\'a}szl{\'o} and Vicsek, Tam{\'a}s},
  year = {2007},
  month = apr,
  journal = {Nature},
  volume = {446},
  number = {7136},
  pages = {664--667},
  publisher = {Nature Publishing Group},
  doi = {10.1038/nature05670}
}

@inproceedings{paranjape_MotifsTemporalNetworks_2017,
  title = {Motifs in Temporal Networks},
  booktitle = {Proceedings of the Tenth ACM International Conference on Web Search and Data Mining},
  author = {Paranjape, Ashwin and Benson, Austin R. and Leskovec, Jure},
  year = {2017},
  month = feb,
  pages = {601--610},
  publisher = {ACM},
  address = {Cambridge United Kingdom},
  doi = {10.1145/3018661.3018731}
}

@article{rosvall_MappingChangeLarge_2010,
  title = {Mapping Change in Large Networks},
  author = {Rosvall, Martin and Bergstrom, Carl T.},
  editor = {Rapallo, Fabio},
  year = {2010},
  month = jan,
  journal = {PLoS ONE},
  volume = {5},
  number = {1},
  pages = {e8694},
  doi = {10.1371/journal.pone.0008694}
}

%%%%%%%%%%%%%%%%%%%%%%%%%%%%%%%%%%%%%%%%
%%% Week 10: Diffusion and contagion %%%
%%%%%%%%%%%%%%%%%%%%%%%%%%%%%%%%%%%%%%%%

@article{pastorsatorras_epidemic_2015,
  title = {Epidemic Processes in Complex Networks},
  author = {{Pastor-Satorras}, Romualdo and Castellano, Claudio and Van Mieghem, Piet and Vespignani, Alessandro},
  year = {2015},
  month = aug,
  volume = {87},
  pages = {925--979},
  doi = {10.1103/RevModPhys.87.925},
  journal = {Reviews of Modern Physics},
  number = {3}
}

@article{watts_influentials_2007,
  title = {Influentials, Networks, and Public Opinion Formation},
  author = {Watts, Duncan J. and Dodds, Peter Sheridan},
  year = {2007},
  month = dec,
  volume = {34},
  pages = {441--458},
  doi = {10.1086/518527},
  journal = {Journal of Consumer Research},
  number = {4}
}

@article{valente_network_2012,
  title = {Network Interventions},
  author = {Valente, Thomas W.},
  year = {2012},
  month = jul,
  volume = {337},
  pages = {49--53},
  doi = {10.1126/science.1217330},
  journal = {Science},
  number = {6090}
}

@article{brockmann_HiddenGeometryComplex_2013,
  title = {The Hidden Geometry of Complex, Network-Driven Contagion Phenomena},
  author = {Brockmann, D. and Helbing, D.},
  year = {2013},
  month = dec,
  journal = {Science},
  volume = {342},
  number = {6164},
  pages = {1337--1342},
  doi = {10.1126/science.1245200}
}

@article{centola_ComplexContagionsWeakness_2007,
  title = {Complex Contagions and the Weakness of Long Ties},
  author = {Centola, Damon and Macy, Michael},
  year = {2007},
  journal = {American Journal of Sociology},
  volume = {113},
  number = {3},
  pages = {702--734},
  publisher = {The University of Chicago Press},
  doi = {10.1086/521848}
}

@article{granovetter_ThresholdModelsCollective_1978,
  title = {Threshold Models of Collective Behavior},
  author = {Granovetter, Mark},
  year = {1978},
  journal = {American Journal of Sociology},
  volume = {83},
  number = {6},
  pages = {1420--1443},
  publisher = {University of Chicago Press}
}

@article{hodas_SimpleRulesSocial_2014,
  title = {The Simple Rules of Social Contagion},
  author = {Hodas, Nathan O. and Lerman, Kristina},
  year = {2014},
  month = mar,
  journal = {Scientific Reports},
  volume = {4},
  number = {1},
  pages = {4343},
  publisher = {Nature Publishing Group},
  doi = {10.1038/srep04343}
}

@article{strang_DiffusionOrganizationsSocial_1998,
  title = {Diffusion in Organizations and Social Movements: From Hybrid Corn to Poison Pills},
  author = {Strang, David and Soule, Sarah A.},
  year = {1998},
  month = aug,
  journal = {Annual Review of Sociology},
  volume = {24},
  number = {1},
  pages = {265--290},
  doi = {10.1146/annurev.soc.24.1.265}
}

@article{valente_DiffusionContagionProcesses_2020,
  title = {Diffusion/Contagion Processes on Social Networks},
  author = {Valente, Thomas W. and Vega Yon, George G.},
  year = {2020},
  month = apr,
  journal = {Health Education \& Behavior},
  volume = {47},
  number = {2},
  pages = {235--248},
  publisher = {SAGE Publications Inc},
  doi = {10.1177/1090198120901497}
}

@article{wejnert_IntegratingModelsDiffusion_2002,
  title = {Integrating Models of Diffusion of Innovations: A Conceptual Framework},
  author = {Wejnert, Barbara},
  year = {2002},
  month = aug,
  journal = {Annual Review of Sociology},
  volume = {28},
  number = {1},
  pages = {297--326},
  doi = {10.1146/annurev.soc.28.110601.141051}
}

@incollection{guilbeault_ComplexContagionsDecade_2018,
  title = {Complex Contagions: A Decade in Review},
  booktitle = {Complex Spreading Phenomena in Social Systems},
  author = {Guilbeault, Douglas and Becker, Joshua and Centola, Damon},
  editor = {Lehmann, Sune and Ahn, Yong-Yeol},
  year = {2018},
  pages = {3--25},
  publisher = {Springer International Publishing},
  address = {Cham},
  doi = {10.1007/978-3-319-77332-2_1}
}

@article{centola_SocialOriginsNetworks_2015,
  title = {The Social Origins of Networks and Diffusion},
  author = {Centola, Damon},
  year = {2015},
  journal = {American Journal of Sociology},
  volume = {120},
  number = {5},
  pages = {1295--1338},
  publisher = {The University of Chicago Press},
  doi = {10.1086/681275}
}

@article{ugander_StructuralDiversitySocial_2012,
  title = {Structural Diversity in Social Contagion},
  author = {Ugander, Johan and Backstrom, Lars and Marlow, Cameron and Kleinberg, Jon},
  year = {2012},
  month = apr,
  journal = {Proceedings of the National Academy of Sciences},
  volume = {109},
  number = {16},
  pages = {5962--5966},
  publisher = {National Academy of Sciences},
  doi = {10.1073/pnas.1116502109}
}

%%%%%%%%%%%%%%%%%%%%%%%%%%%%%%%%%%%%%%%%%
%%% Week 11: Similarity and homophily %%%
%%%%%%%%%%%%%%%%%%%%%%%%%%%%%%%%%%%%%%%%%

@article{mcpherson_birds_2001,
  title = {Birds of a Feather: Homophily in Social Networks},
  author = {McPherson, M. and {Smith-Lovin}, L. and Cook, J.M.},
  year = {2001},
  volume = {27},
  pages = {415--444},
  journal = {Annual Review of Sociology}
}

@article{rivera_dynamics_2010,
  title = {Dynamics of Dyads in Social Networks: Assortative, Relational, and Proximity Mechanisms},
  author = {Rivera, Mark T. and Soderstrom, Sara B. and Uzzi, Brian},
  year = {2010},
  volume = {36},
  pages = {91--115},
  doi = {10.1146/annurev.soc.34.040507.134743},
  journal = {Annual Review of Sociology},
  number = {1}
}

@article{newman_assortative_2002,
  title = {Assortative Mixing in Networks},
  author = {Newman, MEJ},
  year = {2002},
  volume = {89},
  journal = {Physical Review Letters}
}

@article{newman_mixing_2003,
  title = {Mixing Patterns in Networks},
  author = {Newman, MEJ},
  year = {2003},
  volume = {67},
  pages = {26126},
  journal = {Physical Review E}
}

@article{aral_DistinguishingInfluencebasedContagion_2009,
  title = {Distinguishing Influence-Based Contagion from Homophily-Driven Diffusion in Dynamic Networks},
  author = {Aral, Sinan and Muchnik, Lev and Sundararajan, Arun},
  year = {2009},
  month = dec,
  volume = {106},
  pages = {21544--21549},
  publisher = {National Academy of Sciences},
  doi = {10.1073/pnas.0908800106},
  journal = {Proceedings of the National Academy of Sciences},
  number = {51}
}

@article{shalizi_HomophilyContagionAre_2011,
  title = {Homophily and Contagion Are Generically Confounded in Observational Social Network Studies},
  author = {Shalizi, Cosma Rohilla and Thomas, Andrew C.},
  year = {2011},
  month = may,
  volume = {40},
  pages = {211--239},
  publisher = {SAGE Publications Inc},
  doi = {10.1177/0049124111404820},
  journal = {Sociological Methods \& Research},
  number = {2}
}

@article{dimaggio_NetworkEffectsSocial_2012,
  title = {Network Effects and Social Inequality},
  author = {DiMaggio, Paul and Garip, Filiz},
  year = {2012},
  month = aug,
  volume = {38},
  pages = {93--118},
  publisher = {Annual Reviews},
  doi = {10.1146/annurev.soc.012809.102545},
  journal = {Annual Review of Sociology},
  number = {1}
}

@article{ibarra_HomophilyDifferentialReturns_1992,
  title = {Homophily and Differential Returns: Sex Differences in Network Structure and Access in an Advertising Firm},
  author = {Ibarra, Herminia},
  year = {1992},
  month = sep,
  journal = {Administrative Science Quarterly},
  volume = {37},
  number = {3},
  pages = {422},
  doi = {10.2307/2393451}
}

@article{kossinets_OriginsHomophilyEvolving_2009,
  title = {Origins of Homophily in an Evolving Social Network},
  author = {Kossinets, Gueorgi and Watts, Duncan J.},
  year = {2009},
  journal = {American Journal of Sociology},
  volume = {115},
  number = {2},
  pages = {405--450},
  publisher = {The University of Chicago Press},
  doi = {10.1086/599247}
}

@article{jackson_DiffusionContagionNetworks_2013,
  title = {Diffusion and Contagion in Networks with Heterogeneous Agents and Homophily},
  author = {Jackson, Matthew O. and {L{\'o}pez-Pintado}, Dunia},
  year = {2013},
  month = apr,
  journal = {Network Science},
  volume = {1},
  number = {1},
  pages = {49--67},
  publisher = {Cambridge University Press},
  doi = {10.1017/nws.2012.7}
}

@article{aral_EngineeringSocialContagions_2013,
  title = {Engineering Social Contagions: Optimal Network Seeding in the Presence of Homophily},
  author = {Aral, Sinan and Muchnik, Lev and Sundararajan, Arun},
  year = {2013},
  month = aug,
  journal = {Network Science},
  volume = {1},
  number = {2},
  pages = {125--153},
  publisher = {Cambridge University Press},
  doi = {10.1017/nws.2013.6}
}

@article{centola_ExperimentalStudyHomophily_2011,
  title = {An Experimental Study of Homophily in the Adoption of Health Behavior},
  author = {Centola, Damon},
  year = {2011},
  month = dec,
  journal = {Science},
  volume = {334},
  number = {6060},
  pages = {1269--1272},
  publisher = {American Association for the Advancement of Science},
  doi = {10.1126/science.1207055}
}


%%%%%%%%%%%%%%%%%%%%%%%%%%%%%%%%%%%%%%%%%%%%%%%%%
%%% Week 12: Two-mode, bipartite, affiliation %%%
%%%%%%%%%%%%%%%%%%%%%%%%%%%%%%%%%%%%%%%%%%%%%%%%%

@article{breiger_DualityPersonsGroups_1974,
  title = {The Duality of Persons and Groups},
  author = {Breiger, Ronald L.},
  year = {1974},
  volume = {53},
  pages = {181--190},
  publisher = {Oxford},
  doi = {10.2307/2576011},
  journal = {Social Forces},
  number = {2}
}

@article{borgatti_network_1997,
  title = {Network Analysis of 2-Mode Data},
  author = {Borgatti, S.P. and Everett, M.G.},
  year = {1997},
  volume = {19},
  pages = {243--269},
  issn = {0378-8733},
  annotation = {3},
  journal = {Social Networks}
}

@article{faust_centrality_1997,
  title = {Centrality in Affiliation Networks},
  author = {Faust, K.},
  year = {1997},
  volume = {19},
  pages = {157--191},
  issn = {0378-8733},
  annotation = {2},
  journal = {Social Networks}
}

@article{latapy_basic_2008,
  title = {Basic Notions for the Analysis of Large Two-Mode Networks},
  author = {Latapy, Matthieu and Magnien, Cl{\'e}mence and Vecchio, Nathalie Del},
  year = {2008},
  volume = {30},
  pages = {31--48},
  issn = {0378-8733},
  doi = {10.1016/j.socnet.2007.04.006},
  journal = {Social Networks}
}

@article{opsahl_triadic_2013,
  title = {Triadic closure in two-mode networks: {{Redefining}} the global and local clustering coefficients},
  author = {Opsahl, Tore},
  year = {2013},
  month = may,
  volume = {35},
  pages = {159--167},
  doi = {10.1016/j.socnet.2011.07.001},
  journal = {Social Networks},
  number = {2},
  series = {Special {{Issue}} on {{Advances}} in {{Two}}-mode {{Social Networks}}}
}

@article{borner_simultaneous_2004,
  title = {The Simultaneous Evolution of Author and Paper Networks},
  author = {B{\"o}rner, Katy and Maru, Jeegar T. and Goldstone, Robert L.},
  year = {2004},
  month = apr,
  volume = {101},
  pages = {5266--5273},
  doi = {10.1073/pnas.0307625100},
  journal = {Proceedings of the National Academy of Sciences},
  number = {suppl 1}
}

@article{neal_backbone_2014,
  title = {The Backbone of Bipartite Projections: Inferring Relationships from Co-Authorship, Co-Sponsorship, Co-Attendance and Other Co-Behaviors},
  author = {Neal, Zachary},
  year = {2014},
  month = oct,
  volume = {39},
  pages = {84--97},
  doi = {10.1016/j.socnet.2014.06.001},
  journal = {Social Networks}
}

@article{neal_identifying_2013,
  title = {Identifying Statistically Significant Edges in One-Mode Projections},
  author = {Neal, Zachary},
  year = {2013},
  month = dec,
  volume = {3},
  pages = {915--924},
  doi = {10.1007/s13278-013-0107-y},
  journal = {Social Network Analysis and Mining},
  number = {4}
}

@inproceedings{keegan_editors_2012,
  title = {Do Editors or Articles Drive Collaboration?: Multilevel Statistical Network Analysis of Wikipedia Coauthorship},
  booktitle = {Proceedings of the ACM 2012 Conference on Computer Supported Cooperative Work},
  author = {Keegan, Brian and Gergle, Darren and Contractor, Noshir},
  year = {2012},
  series = {CSCW '12},
  pages = {427--436},
  publisher = {ACM},
  address = {New York, NY, USA},
  doi = {10.1145/2145204.2145271}
}

@article{wang_ExponentialRandomGraph_2009,
  title = {Exponential Random Graph (P*) Models for Affiliation Networks},
  author = {Wang, Peng and Sharpe, Ken and Robins, Garry L. and Pattison, Philippa E.},
  year = {2009},
  month = jan,
  journal = {Social Networks},
  volume = {31},
  number = {1},
  pages = {12--25},
  doi = {10.1016/j.socnet.2008.08.002}
}

@article{mizruchi_WhatInterlocksAnalysis_1996,
  title = {What Do Interlocks Do? An Analysis, Critique, and Assessment of Research on Interlocking Directorates},
  author = {Mizruchi, Mark S.},
  year = {1996},
  month = aug,
  journal = {Annual Review of Sociology},
  volume = {22},
  number = {1},
  pages = {271--298},
  publisher = {Annual Reviews},
  doi = {10.1146/annurev.soc.22.1.271}
}

@article{feld_focused_1981,
  title = {The Focused Organization of Social Ties},
  author = {Feld, S.L.},
  year = {1981},
  volume = {86},
  pages = {1015--1035},
  journal = {American Journal of Sociology}
}

@article{robins_SmallWorldsInterlocking_2004,
  title = {Small Worlds Among Interlocking Directors: Network Structure and Distance in Bipartite Graphs},
  author = {Robins, Garry and Alexander, Malcolm},
  year = {2004},
  month = may,
  journal = {Computational \& Mathematical Organization Theory},
  volume = {10},
  number = {1},
  pages = {69--94},
  publisher = {Springer Nature},
  doi = {10.1023/B:CMOT.0000032580.12184.c0}
}




%%%%%%%%%%%%%%%%%%%%%%%%%%%%%%%%%%%%%%%
%%% Week 13: Weighted and multiplex %%%
%%%%%%%%%%%%%%%%%%%%%%%%%%%%%%%%%%%%%%%

@article{bonacich_hyperedges_2004,
  title = {Hyper-Edges and Multidimensional Centrality},
  author = {Bonacich, Phillip and Cody Holdren, Annie and Johnston, Michael},
  year = {2004},
  month = jul,
  volume = {26},
  pages = {189--203},
  doi = {10.1016/j.socnet.2004.01.001},
  journal = {Social Networks},
  number = {3}
}

@article{stopczynski_MeasuringLargeScaleSocial_2014,
  title = {Measuring Large-Scale Social Networks with High Resolution},
  author = {Stopczynski, Arkadiusz and Sekara, Vedran and Sapiezynski, Piotr and Cuttone, Andrea and Madsen, Mette My and Larsen, Jakob Eg and Lehmann, Sune},
  year = {2014},
  month = apr,
  volume = {9},
  pages = {e95978},
  publisher = {Public Library of Science},
  doi = {10.1371/journal.pone.0095978},
  journal = {PLOS ONE},
  number = {4}
}

@article{barrat_architecture_2004,
  title = {The Architecture of Complex Weighted Networks},
  author = {Barrat, Alain and Barthelemy, Marc and {Pastor-Satorras}, Romualdo and Vespignani, Alessandro},
  year = {2004},
  volume = {101},
  pages = {3747--3752},
  journal = {Proceedings of the National Academy of Sciences},
  number = {11}
}

@article{serrano_ExtractingMultiscaleBackbone_2009,
  title = {Extracting the Multiscale Backbone of Complex Weighted Networks},
  author = {Serrano, M. {\'A}ngeles and Bogu{\~n}{\'a}, Mari{\'a}n and Vespignani, Alessandro},
  year = {2009},
  month = apr,
  journal = {Proceedings of the National Academy of Sciences},
  volume = {106},
  number = {16},
  pages = {6483--6488},
  publisher = {National Academy of Sciences},
  doi = {10.1073/pnas.0808904106}
}

@article{opsahl_node_2010,
  title = {Node Centrality in Weighted Networks: Generalizing Degree and Shortest Paths},
  author = {Opsahl, Tore and Agneessens, Filip and Skvoretz, John},
  year = {2010},
  month = jul,
  journal = {Social Networks},
  volume = {32},
  number = {3},
  pages = {245--251},
  doi = {10.1016/j.socnet.2010.03.006}
}

@article{barrat_weighted_2004,
  title = {Weighted Evolving Networks: Coupling Topology and Weight Dynamics},
  author = {Barrat, Alain and Barth{\'e}lemy, Marc and Vespignani, Alessandro},
  year = {2004},
  journal = {Physical review letters},
  volume = {92},
  number = {22},
  pages = {228701}
}

@article{newman_analysis_2004,
  title = {Analysis of Weighted Networks},
  author = {Newman, Mark EJ},
  year = {2004},
  journal = {Physical Review E},
  volume = {70},
  number = {5},
  pages = {056131}
}

@article{granovetter_strength_1973,
  title = {The Strength of Weak Ties},
  author = {Granovetter, M. S.},
  year = {1973},
  journal = {American Journal of Sociology},
  volume = {78},
  pages = {1360}
}

@article{krackhardt_strength_1992,
  title = {The Strength of Strong Ties: The Importance of Philos in Organizations},
  author = {Krackhardt, David},
  year = {1992},
  journal = {Networks and organizations: Structure, form, and action},
  volume = {216},
  pages = {239}
}

@inproceedings{gilbert_PredictingTieStrength_2009,
  title = {Predicting Tie Strength with Social Media},
  booktitle = {Proceedings of the SIGCHI Conference on Human Factors in Computing Systems},
  author = {Gilbert, Eric and Karahalios, Karrie},
  year = {2009},
  month = apr,
  pages = {211--220},
  publisher = {ACM},
  address = {Boston MA USA},
  doi = {10.1145/1518701.1518736}
}

@article{aral_diversitybandwidth_2011,
  title = {The Diversity-Bandwidth Trade-Off},
  author = {Aral, Sinan and Alstyne, Marshall Van},
  year = {2011},
  month = jul,
  journal = {American Journal of Sociology},
  volume = {117},
  number = {1},
  pages = {90--171},
  doi = {10.1086/661238}
}

@article{brashears_WeaknessTieStrength_2018,
  title = {The Weakness of Tie Strength},
  author = {Brashears, Matthew E. and Quintane, Eric},
  year = {2018},
  month = oct,
  journal = {Social Networks},
  volume = {55},
  pages = {104--115},
  doi = {10.1016/j.socnet.2018.05.010}
}

@article{marsden_ReflectionsConceptualizingMeasuring_2012,
  title = {Reflections on Conceptualizing and Measuring Tie Strength},
  author = {Marsden, P. V. and Campbell, K. E.},
  year = {2012},
  month = sep,
  journal = {Social Forces},
  volume = {91},
  number = {1},
  pages = {17--23},
  doi = {10.1093/sf/sos112}
}



%%%%%%%%%%%
% Working %
%%%%%%%%%%%

@article{healy_performativity_2015,
  title = {The Performativity of Networks},
  author = {Healy, Kieran},
  year = {2015},
  month = aug,
  volume = {56},
  pages = {175--205},
  doi = {10.1017/S0003975615000107},
  journal = {European Journal of Sociology},
  number = {02}
}

@article{freelon_interpretation_2014,
  title = {On the Interpretation of Digital Trace Data in Communication and Social Computing Research},
  author = {Freelon, Deen},
  year = {2014},
  month = jan,
  journal = {Journal of Broadcasting \& Electronic Media},
  volume = {58},
  number = {1},
  pages = {59--75},
  doi = {10.1080/08838151.2013.875018}
}

@article{brass_taking_2004,
  title = {Taking Stock of Networks and Organizations: A Multilevel Perspective},
  author = {Brass, Daniel J. and Galaskiewicz, Joseph and Greve, Henrich R. and {Wenpin Tsai}},
  year = {2004},
  month = dec,
  volume = {47},
  pages = {795--817},
  doi = {10.2307/20159624},
  journal = {Academy of Management Journal},
  number = {6}
}

@article{borgatti_network_2003,
  title = {The Network Paradigm in Organizational Research: A Review and Typology},
  author = {Borgatti, Stephen P. and Foster, Pacey C.},
  year = {2003},
  month = dec,
  volume = {29},
  pages = {991--1013},
  doi = {10.1016/S0149-2063_03_00087-4},
  journal = {Journal of Management},
  number = {6}
}

@article{jones_general_1997,
  title = {A General Theory of Network Governance: Exchange Conditions and Social Mechanisms},
  author = {Jones, Candace and Hesterly, William S. and Borgatti, Stephen P.},
  year = {1997},
  month = oct,
  volume = {22},
  pages = {911--945},
  doi = {10.2307/259249},
  journal = {The Academy of Management Review},
  number = {4}
}

@article{burt_social_2013,
  title = {Social Network Analysis: Foundations and Frontiers on Advantage},
  author = {Burt, Ronald S. and Kilduff, Martin and Tasselli, Stefano},
  year = {2013},
  volume = {64},
  pages = {527--547},
  doi = {10.1146/annurev-psych-113011-143828},
  journal = {Annual Review of Psychology},
  number = {1}
}

@article{obstfeld_social_2005,
  title = {Social Networks, the Tertius Iungens Orientation, and Involvement in Innovation},
  author = {Obstfeld, D.},
  year = {2005},
  volume = {50},
  pages = {100},
  journal = {Administrative Science Quarterly}
}

@article{podolny_network_1998,
  title = {Network Forms of Organization},
  author = {Podolny, J.M. and Page, K.L.},
  year = {1998},
  volume = {24},
  journal = {Annual Review of Sociology}
}

@article{powell_neither_1991,
  title = {Neither Market nor Hierarchy: Network Forms of Organization},
  journal = {Research in Organizational Behavior},
  volume = {12},
  author = {Powell, Walter .W.},
  year = {1990},
  pages = {295--336},
  publisher = {JAI Press}
}

@article{borgatti_NetworkTheory_2011,
  title = {On Network Theory},
  author = {Borgatti, Stephen P. and Halgin, Daniel S.},
  year = {2011},
  month = oct,
  volume = {22},
  pages = {1168--1181},
  publisher = {{INFORMS}},
  doi = {10.1287/orsc.1100.0641},
  journal = {Organization Science},
  number = {5}
}

@article{lazer_life_2009,
  title = {Life in the network: the coming age of computational social science},
  author = {Lazer, D and Pentland, AS and Adamic, L and Aral, S and Barabasi, AL and Brewer, D and Christakis, N and Contractor, N and Fowler, J and Gutmann, M},
  year = {2009},
  volume = {323},
  pages = {721--723},
  journal = {Science}
}

@article{lazerComputationalSocialScience2020,
  title = {Computational social science: {{Obstacles}} and opportunities},
  author = {Lazer, David M. J. and Pentland, Alex and Watts, Duncan J. and Aral, Sinan and Athey, Susan and Contractor, Noshir and Freelon, Deen and {Gonzalez-Bailon}, Sandra and King, Gary and Margetts, Helen and Nelson, Alondra and Salganik, Matthew J. and Strohmaier, Markus and Vespignani, Alessandro and Wagner, Claudia},
  year = {2020},
  month = aug,
  volume = {369},
  pages = {1060--1062},
  publisher = {{American Association for the Advancement of Science}},
  doi = {10.1126/science.aaz8170},
  journal = {Science},
  number = {6507}
}

@article{golder_digital_2014,
  title = {Digital Footprints: Opportunities and Challenges for Online Social Research},
  author = {Golder, Scott A. and Macy, Michael W.},
  year = {2014},
  volume = {40},
  pages = {129--152},
  doi = {10.1146/annurev-soc-071913-043145},
  journal = {Annual Review of Sociology},
  number = {1}
}

@article{coviello_integrating_2005,
  title = {Integrating qualitative and quantitative techniques in network analysis},
  author = {Coviello, Nicole E.},
  year = {2005},
  month = jan,
  volume = {8},
  pages = {39--60},
  doi = {10.1108/13522750510575435},
  journal = {Qualitative Market Research: An International Journal},
  number = {1}
}

@article{katz_network_2004,
  title = {Network Theory and Small Groups},
  author = {Katz, Nancy and Lazer, David and Arrow, Holly and Contractor, Noshir},
  year = {2004},
  month = jun,
  volume = {35},
  pages = {307--332},
  doi = {10.1177/1046496404264941},
  journal = {Small Group Research},
  number = {3}
}

@article{zaheer_its_2010,
  title = {It's the Connections: The Network Perspective in Interorganizational Research},
  author = {Zaheer, Akbar and G{\"o}z{\"u}b{\"u}y{\"u}k, Remzi and Milanov, Hana},
  year = {2010},
  month = feb,
  volume = {24},
  pages = {62--77},
  journal = {The Academy of Management Perspectives},
  number = {1}
}

@article{crossley_SocialWorldNetwork_2010,
  title = {The Social World of the Network. Combining Qualitative and Quantitative Elements in Social Network Analysis},
  author = {Crossley, Nick},
  year = {2010},
  journal = {Sociologica},
  number = {1/2010},
  doi = {10.2383/32049}
}

@inbook{hollstein_QualitativeApproaches_2014,
  title = {Qualitative Approaches},
  booktitle = {The SAGE Handbook of Social Network Analysis},
  author = {Hollstein, Betina},
  year = {2014},
  pages = {404--416},
  publisher = {SAGE Publications Ltd},
  address = {1 Oliver's Yard,~55 City Road,~London~EC1Y 1SP~United Kingdom},
  doi = {10.4135/9781446294413.n27},
  collaborator = {Scott, John and Carrington, Peter}
}

@article{yousefinooraie_SocialNetworkAnalysis_2020,
  title = {Social Network Analysis: An Example of Fusion Between Quantitative and Qualitative Methods},
  author = {Yousefi Nooraie, Reza and Sale, Joanna E. M. and Marin, Alexandra and Ross, Lori E.},
  year = {2020},
  month = jan,
  journal = {Journal of Mixed Methods Research},
  volume = {14},
  number = {1},
  pages = {110--124},
  doi = {10.1177/1558689818804060}
}


@article{guo_ApplicationSocialNetwork_2012,
  title = {The Application of Social Network Analysis in Agenda Setting Research: A Methodological Exploration},
  author = {Guo, Lei},
  year = {2012},
  month = oct,
  volume = {56},
  pages = {616--631},
  publisher = {Routledge},
  doi = {10.1080/08838151.2012.732148},
  journal = {Journal of Broadcasting \& Electronic Media},
  number = {4}
}

@article{haythornthwaite_SocialNetworkAnalysis_1996,
  title = {Social Network Analysis: An Approach and Technique for the Study of Information Exchange},
  author = {Haythornthwaite, Caroline},
  year = {1996},
  month = sep,
  volume = {18},
  pages = {323--342},
  doi = {10.1016/S0740-8188(96)90003-1},
  journal = {Library \& Information Science Research},
  number = {4}
}

@incollection{monge_EmergenceCommunicationNetworks_2001,
  title = {Emergence of Communication Networks},
  booktitle = {The New Handbook of Organizational Communication},
  author = {Monge, Peter R. and Contractor, Noshir S.},
  year = {2001},
  pages = {440--502},
  publisher = {SAGE Publications, Inc.},
  doi = {10.4135/9781412986243.n12},
  editor = {Jablin, Fredric and Putnam, Linda}
}

@article{sundararajan_information_2013,
  title = {Information in Digital, Economic, and Social Networks},
  author = {Sundararajan, Arun and Provost, Foster and {Oestreicher-Singer}, Gal and Aral, Sinan},
  year = {2013},
  month = dec,
  volume = {24},
  pages = {883--905},
  doi = {10.1287/isre.1120.0472},
  journal = {Information Systems Research},
  number = {4}
}

@article{phelps_knowledge_2012,
  title = {Knowledge, Networks, and Knowledge Networks: A Review and Research Agenda},
  author = {Phelps, C. and Heidl, R. and Wadhwa, A.},
  year = {2012},
  month = jan,
  volume = {38},
  pages = {1115--1166},
  doi = {10.1177/0149206311432640},
  journal = {Journal of Management},
  number = {4}
}
@article{jackson_networks_2009,
  title = {Networks and Economic Behavior},
  author = {Jackson, Matthew O.},
  year = {2009},
  volume = {1},
  pages = {489--511},
  doi = {10.1146/annurev.economics.050708.143238},
  journal = {Annual Review of Economics},
  number = {1}
}

@article{fu_LeveragingSocialNetwork_2016,
  title = {Leveraging Social Network Analysis for Research on Journalism in the Information Age},
  author = {Fu, J. Sophia},
  year = {2016},
  volume = {66},
  pages = {299--313},
  doi = {10.1111/jcom.12212},
  journal = {Journal of Communication},
  number = {2}
}

@article{doerfel1998constitutes,
  title = {What Constitutes Semantic Network Analysis? A Comparison of Research and Methodologies},
  author = {Doerfel, Marya L},
  year = {1998},
  journal = {Connections},
  volume = {21},
  number = {2},
  pages = {16--26}
}

@article{kejiang_DynamicsCultureFrames_2016,
  title = {Dynamics of Culture Frames in International News Coverage: A Semantic Network Analysis},
  author = {{Ke Jiang} and Barnett, George A. and Taylor, Laramie D.},
  year = {2016},
  month = jan,
  journal = {International Journal of Communication (19328036)},
  volume = {10},
  pages = {3710--3736},
  publisher = {University of Southern California, USC Annenberg Press}
}

@article{kim_DeterminantsInternationalNews_1996,
  title = {The Determinants of International News Flow: A Network Analysis},
  author = {KIM, KYUNGMO and BARNETT, GEORGE A.},
  year = {1996},
  month = jun,
  journal = {Communication Research},
  volume = {23},
  number = {3},
  pages = {323--352},
  publisher = {SAGE Publications Inc},
  doi = {10.1177/009365096023003004}
}

@article{moon_StructureInternationalMusic_2010,
  title = {The Structure of International Music Flows Using Network Analysis},
  author = {Moon, Shin-Il and Barnett, George A. and Lim, Yon Soo},
  year = {2010},
  month = may,
  journal = {New Media \& Society},
  volume = {12},
  number = {3},
  pages = {379--399},
  publisher = {SAGE Publications},
  doi = {10.1177/1461444809346720}
}

@article{otte_SocialNetworkAnalysis_2002,
  title = {Social Network Analysis: A Powerful Strategy, Also for the Information Sciences},
  author = {Otte, Evelien and Rousseau, Ronald},
  year = {2002},
  month = dec,
  journal = {Journal of Information Science},
  volume = {28},
  number = {6},
  pages = {441--453},
  publisher = {SAGE Publications Ltd},
  doi = {10.1177/016555150202800601}
}

@article{robinson_NetworkEthnographyJournalism_2020,
  title = {Network Ethnography in Journalism Studies: A Mixed-Method Approach to Studying Media Ecologies},
  author = {Robinson, Sue and Anderson, C. W.},
  year = {2020},
  month = may,
  journal = {Journalism Studies},
  volume = {21},
  number = {7},
  pages = {984--1001},
  publisher = {Routledge},
  doi = {10.1080/1461670X.2020.1720519}
}


@article{edelmann_ComputationalSocialScience_2020a,
  title = {Computational Social Science and Sociology},
  author = {Edelmann, Achim and Wolff, Tom and Montagne, Danielle and Bail, Christopher A.},
  year = {2020},
  month = jul,
  journal = {Annual Review of Sociology},
  volume = {46},
  number = {1},
  pages = {61--81},
  publisher = {Annual Reviews},
  doi = {10.1146/annurev-soc-121919-054621}
}

@article{hampton_StudyingDigitalDirections_2017,
  title = {Studying the Digital: Directions and Challenges for Digital Methods},
  author = {Hampton, Keith N.},
  year = {2017},
  month = jul,
  journal = {Annual Review of Sociology},
  volume = {43},
  number = {1},
  pages = {167--188},
  publisher = {Annual Reviews},
  doi = {10.1146/annurev-soc-060116-053505}
}

@article{lazer_DataExMachina_2017,
  title = {Data Ex Machina: Introduction to Big Data},
  author = {Lazer, David and Radford, Jason},
  year = {2017},
  month = jul,
  journal = {Annual Review of Sociology},
  volume = {43},
  number = {1},
  pages = {19--39},
  publisher = {Annual Reviews},
  doi = {10.1146/annurev-soc-060116-053457}
}


